@article{DBLP:journals/ml/RaedtK15,
  author    = {Luc {De Raedt} and
               Angelika Kimmig},
  title     = {Probabilistic (logic) programming concepts},
  journal   = {Machine Learning},
  volume    = {100},
  number    = {1},
  pages     = {5--47},
  year      = {2015},
  doi       = {10.1007/s10994-015-5494-z},
  timestamp = {Tue, 26 Jun 2018 14:09:25 +0200},
  biburl    = {https://dblp.org/rec/bib/journals/ml/RaedtK15},
  bibsource = {dblp computer science bibliography, https://dblp.org}
}
@book{DBLP:series/synthesis/2016Raedt,
  author    = {Luc {De Raedt} and
               Kristian Kersting and
               Sriraam Natarajan and
               David Poole},
  title     = {Statistical Relational Artificial Intelligence: {Logic}, Probability,
               and Computation},
  series    = {Synthesis Lectures on Artificial Intelligence and Machine Learning},
  publisher = {Morgan {\&} Claypool Publishers},
  year      = {2016},
  doi       = {10.2200/S00692ED1V01Y201601AIM032},
  timestamp = {Mon, 06 Nov 2017 17:26:29 +0100},
  biburl    = {https://dblp.org/rec/bib/series/synthesis/2016Raedt},
  bibsource = {dblp computer science bibliography, https://dblp.org}
}
@article{DBLP:journals/ai/ChaviraD08,
  author    = {Mark Chavira and
               Adnan Darwiche},
  title     = {On probabilistic inference by weighted model counting},
  journal   = {Artif. Intell.},
  volume    = {172},
  number    = {6-7},
  pages     = {772--799},
  year      = {2008},
  doi       = {10.1016/j.artint.2007.11.002},
  timestamp = {Sat, 27 May 2017 14:24:42 +0200},
  biburl    = {https://dblp.org/rec/journals/ai/ChaviraD08.bib},
  bibsource = {dblp computer science bibliography, https://dblp.org}
}
@article{DBLP:journals/jancl/Darwiche01,
  author    = {Adnan Darwiche},
  title     = {On the Tractable Counting of Theory Models and its Application to
               Truth Maintenance and Belief Revision},
  journal   = {J. Appl. Non Class. Logics},
  volume    = {11},
  number    = {1-2},
  pages     = {11--34},
  year      = {2001},
  doi       = {10.3166/jancl.11.11-34},
  timestamp = {Sat, 25 Apr 2020 14:02:36 +0200},
  biburl    = {https://dblp.org/rec/journals/jancl/Darwiche01.bib},
  bibsource = {dblp computer science bibliography, https://dblp.org}
}
@article{DBLP:journals/cacm/GogateD16,
  author    = {Vibhav Gogate and
               Pedro M. Domingos},
  title     = {Probabilistic theorem proving},
  journal   = {Commun. {ACM}},
  volume    = {59},
  number    = {7},
  pages     = {107--115},
  year      = {2016},
  doi       = {10.1145/2936726},
  timestamp = {Tue, 06 Nov 2018 12:51:41 +0100},
  biburl    = {https://dblp.org/rec/journals/cacm/GogateD16.bib},
  bibsource = {dblp computer science bibliography, https://dblp.org}
}
@inproceedings{DBLP:conf/ijcai/BroeckTMDR11,
  author    = {Guy {Van den Broeck} and
               Nima Taghipour and
               Wannes Meert and
               Jesse Davis and
               Luc {De Raedt}},
  editor    = {Toby Walsh},
  title     = {Lifted Probabilistic Inference by First-Order Knowledge Compilation},
  booktitle = {{IJCAI} 2011, Proceedings of the 22nd International Joint Conference
               on Artificial Intelligence, Barcelona, Catalonia, Spain, July 16-22,
               2011},
  pages     = {2178--2185},
  publisher = {{IJCAI/AAAI}},
  year      = {2011},
  doi       = {10.5591/978-1-57735-516-8/IJCAI11-363},
  timestamp = {Sun, 25 Oct 2020 23:13:55 +0100},
  biburl    = {https://dblp.org/rec/conf/ijcai/BroeckTMDR11.bib},
  bibsource = {dblp computer science bibliography, https://dblp.org}
}
@article{DBLP:journals/ml/RichardsonD06,
  author    = {Matthew Richardson and
               Pedro M. Domingos},
  title     = {Markov logic networks},
  journal   = {Mach. Learn.},
  volume    = {62},
  number    = {1-2},
  pages     = {107--136},
  year      = {2006},
  doi       = {10.1007/s10994-006-5833-1},
  timestamp = {Mon, 02 Mar 2020 16:29:54 +0100},
  biburl    = {https://dblp.org/rec/journals/ml/RichardsonD06.bib},
  bibsource = {dblp computer science bibliography, https://dblp.org}
}
@inproceedings{DBLP:conf/nips/Broeck11,
  author    = {Guy {Van den Broeck}},
  editor    = {John Shawe{-}Taylor and
               Richard S. Zemel and
               Peter L. Bartlett and
               Fernando C. N. Pereira and
               Kilian Q. Weinberger},
  title     = {On the Completeness of First-Order Knowledge Compilation for Lifted
               Probabilistic Inference},
  booktitle = {Advances in Neural Information Processing Systems 24: 25th Annual
               Conference on Neural Information Processing Systems 2011. Proceedings
               of a meeting held 12-14 December 2011, Granada, Spain},
  pages     = {1386--1394},
  year      = {2011},
  url       = {https://proceedings.neurips.cc/paper/2011/hash/846c260d715e5b854ffad5f70a516c88-Abstract.html},
  timestamp = {Thu, 21 Jan 2021 15:15:24 +0100},
  biburl    = {https://dblp.org/rec/conf/nips/Broeck11.bib},
  bibsource = {dblp computer science bibliography, https://dblp.org}
}
@MISC {30049,
    TITLE = {An efficient way to numerically compute {Stirling} numbers of the second kind?},
    AUTHOR = {Mike Earnest},
    HOWPUBLISHED = {\url{https://scicomp.stackexchange.com/q/30049}},
    NOTE = {Accessed: 2023-01-31},
    MONTH = {August},
    YEAR = {2018}
}
@inproceedings{DBLP:conf/kr/KazemiP16,
  author    = {Seyed Mehran Kazemi and
               David Poole},
  editor    = {Chitta Baral and
               James P. Delgrande and
               Frank Wolter},
  title     = {Knowledge Compilation for Lifted Probabilistic Inference: Compiling
               to a Low-Level Language},
  booktitle = {Principles of Knowledge Representation and Reasoning: Proceedings
               of the Fifteenth International Conference, {KR} 2016, Cape Town, South
               Africa, April 25-29, 2016},
  pages     = {561--564},
  publisher = {{AAAI} Press},
  year      = {2016},
  url       = {http://www.aaai.org/ocs/index.php/KR/KR16/paper/view/12861},
  timestamp = {Tue, 09 Feb 2021 08:33:50 +0100},
  biburl    = {https://dblp.org/rec/conf/kr/KazemiP16.bib},
  bibsource = {dblp computer science bibliography, https://dblp.org}
}
@inproceedings{DBLP:conf/ilp/BarvinekB0ZK21,
  author    = {J{\'{a}}chym Barv{\'{\i}}nek and
               Timothy {van Bremen} and
               Yuyi Wang and
               Filip Zelezn{\'{y}} and
               Ondrej Ku\v{z}elka},
  editor    = {Nikos Katzouris and
               Alexander Artikis},
  title     = {Automatic Conjecturing of {P}-Recursions Using Lifted Inference},
  booktitle = {Inductive Logic Programming - 30th International Conference, {ILP}
               2021, Virtual Event, October 25-27, 2021, Proceedings},
  series    = {Lecture Notes in Computer Science},
  volume    = {13191},
  pages     = {17--25},
  publisher = {Springer},
  year      = {2021},
  doi       = {10.1007/978-3-030-97454-1_2},
  timestamp = {Sat, 09 Apr 2022 12:45:22 +0200},
  biburl    = {https://dblp.org/rec/conf/ilp/BarvinekB0ZK21.bib},
  bibsource = {dblp computer science bibliography, https://dblp.org}
}
@inproceedings{DBLP:conf/nips/KazemiKBP16,
  author    = {Seyed Mehran Kazemi and
               Angelika Kimmig and
               Guy {Van den Broeck} and
               David Poole},
  editor    = {Daniel D. Lee and
               Masashi Sugiyama and
               Ulrike {von Luxburg} and
               Isabelle Guyon and
               Roman Garnett},
  title     = {New Liftable Classes for First-Order Probabilistic Inference},
  booktitle = {Advances in Neural Information Processing Systems 29: Annual Conference
               on Neural Information Processing Systems 2016, December 5-10, 2016,
               Barcelona, Spain},
  pages     = {3117--3125},
  year      = {2016},
  url       = {https://proceedings.neurips.cc/paper/2016/hash/c88d8d0a6097754525e02c2246d8d27f-Abstract.html},
  timestamp = {Thu, 21 Jan 2021 15:15:22 +0100},
  biburl    = {https://dblp.org/rec/conf/nips/KazemiKBP16.bib},
  bibsource = {dblp computer science bibliography, https://dblp.org}
}
@article{DBLP:journals/jair/Kuzelka21,
  author    = {Ondrej Ku\v{z}elka},
  title     = {Weighted First-Order Model Counting in the Two-Variable Fragment With
               Counting Quantifiers},
  journal   = {J. Artif. Intell. Res.},
  volume    = {70},
  pages     = {1281--1307},
  year      = {2021},
  doi       = {10.1613/jair.1.12320},
  timestamp = {Sat, 09 Apr 2022 12:33:10 +0200},
  biburl    = {https://dblp.org/rec/journals/jair/Kuzelka21.bib},
  bibsource = {dblp computer science bibliography, https://dblp.org}
}
@inproceedings{DBLP:conf/kr/BremenK21,
  author    = {Timothy {van Bremen} and
               Ondrej Ku\v{z}elka},
  editor    = {Meghyn Bienvenu and
               Gerhard Lakemeyer and
               Esra Erdem},
  title     = {Lifted Inference with Tree Axioms},
  booktitle = {Proceedings of the 18th International Conference on Principles of
               Knowledge Representation and Reasoning, {KR} 2021, Online event, November
               3-12, 2021},
  pages     = {599--608},
  year      = {2021},
  doi       = {10.24963/kr.2021/57},
  timestamp = {Wed, 03 Nov 2021 12:47:32 +0100},
  biburl    = {https://dblp.org/rec/conf/kr/BremenK21.bib},
  bibsource = {dblp computer science bibliography, https://dblp.org}
}
@inproceedings{DBLP:conf/uai/BremenK21,
  author    = {Timothy {van Bremen} and
               Ondrej Ku\v{z}elka},
  editor    = {Cassio P. {de Campos} and
               Marloes H. Maathuis and
               Erik Quaeghebeur},
  title     = {Faster lifting for two-variable logic using cell graphs},
  booktitle = {Proceedings of the Thirty-Seventh Conference on Uncertainty in Artificial
               Intelligence, {UAI} 2021, Virtual Event, 27-30 July 2021},
  series    = {Proceedings of Machine Learning Research},
  volume    = {161},
  pages     = {1393--1402},
  publisher = {{AUAI} Press},
  year      = {2021},
  url       = {https://proceedings.mlr.press/v161/bremen21a.html},
  timestamp = {Fri, 17 Dec 2021 17:06:27 +0100},
  biburl    = {https://dblp.org/rec/conf/uai/BremenK21.bib},
  bibsource = {dblp computer science bibliography, https://dblp.org}
}
@inproceedings{DBLP:conf/aaai/MalhotraS22,
  author    = {Sagar Malhotra and
               Luciano Serafini},
  title     = {Weighted Model Counting in {FO2} with Cardinality Constraints and
               Counting Quantifiers: {A} Closed Form Formula},
  booktitle = {Thirty-Sixth {AAAI} Conference on Artificial Intelligence, {AAAI}
               2022, Thirty-Fourth Conference on Innovative Applications of Artificial
               Intelligence, {IAAI} 2022, The Twelveth Symposium on Educational Advances
               in Artificial Intelligence, {EAAI} 2022 Virtual Event, February 22
               - March 1, 2022},
  pages     = {5817--5824},
  publisher = {{AAAI} Press},
  year      = {2022},
  url       = {https://ojs.aaai.org/index.php/AAAI/article/view/20525},
  timestamp = {Mon, 11 Jul 2022 16:09:32 +0200},
  biburl    = {https://dblp.org/rec/conf/aaai/MalhotraS22.bib},
  bibsource = {dblp computer science bibliography, https://dblp.org}
}
@inproceedings{DBLP:conf/lics/KuusistoL18,
  author    = {Antti Kuusisto and
               Carsten Lutz},
  editor    = {Anuj Dawar and
               Erich Gr{\"{a}}del},
  title     = {Weighted model counting beyond two-variable logic},
  booktitle = {Proceedings of the 33rd Annual {ACM/IEEE} Symposium on Logic in Computer
               Science, {LICS} 2018, Oxford, UK, July 09-12, 2018},
  pages     = {619--628},
  publisher = {{ACM}},
  year      = {2018},
  doi       = {10.1145/3209108.3209168},
  timestamp = {Sat, 19 Oct 2019 20:00:56 +0200},
  biburl    = {https://dblp.org/rec/conf/lics/KuusistoL18.bib},
  bibsource = {dblp computer science bibliography, https://dblp.org}
}
@inproceedings{DBLP:conf/pods/BeameBGS15,
  author    = {Paul Beame and
               Guy {Van den Broeck} and
               Eric Gribkoff and
               Dan Suciu},
  editor    = {Tova Milo and
               Diego Calvanese},
  title     = {Symmetric Weighted First-Order Model Counting},
  booktitle = {Proceedings of the 34th {ACM} Symposium on Principles of Database
               Systems, {PODS} 2015, Melbourne, Victoria, Australia, May 31 - June
               4, 2015},
  pages     = {313--328},
  publisher = {{ACM}},
  year      = {2015},
  doi       = {10.1145/2745754.2745760},
  timestamp = {Tue, 06 Nov 2018 16:58:02 +0100},
  biburl    = {https://dblp.org/rec/conf/pods/BeameBGS15.bib},
  bibsource = {dblp computer science bibliography, https://dblp.org}
}
@misc{oeis,
  author          = {{OEIS Foundation Inc.}},
  title           = {The On-Line Encyclopedia of Integer Sequences},
  howpublished    = {Published electronically at \url{https://oeis.org}},
  year            = 2023
}
@article{DBLP:journals/ml/KimmigMG15,
  author    = {Angelika Kimmig and
               Lilyana Mihalkova and
               Lise Getoor},
  title     = {Lifted graphical models: a survey},
  journal   = {Mach. Learn.},
  volume    = {99},
  number    = {1},
  pages     = {1--45},
  year      = {2015},
  doi       = {10.1007/s10994-014-5443-2},
  timestamp = {Mon, 02 Mar 2020 16:28:47 +0100},
  biburl    = {https://dblp.org/rec/journals/ml/KimmigMG15.bib},
  bibsource = {dblp computer science bibliography, https://dblp.org}
}
@inproceedings{DBLP:conf/ecai/Kersting12,
  author    = {Kristian Kersting},
  editor    = {Luc {De Raedt} and
               Christian Bessiere and
               Didier Dubois and
               Patrick Doherty and
               Paolo Frasconi and
               Fredrik Heintz and
               Peter J. F. Lucas},
  title     = {Lifted Probabilistic Inference},
  booktitle = {{ECAI} 2012 - 20th European Conference on Artificial Intelligence.
               Including Prestigious Applications of Artificial Intelligence {(PAIS-2012)}
               System Demonstrations Track, Montpellier, France, August 27-31 , 2012},
  series    = {Frontiers in Artificial Intelligence and Applications},
  volume    = {242},
  pages     = {33--38},
  publisher = {{IOS} Press},
  year      = {2012},
  doi       = {10.3233/978-1-61499-098-7-33},
  timestamp = {Mon, 18 Nov 2019 15:00:16 +0100},
  biburl    = {https://dblp.org/rec/conf/ecai/Kersting12.bib},
  bibsource = {dblp computer science bibliography, https://dblp.org}
}
@article{DBLP:journals/pvldb/GatterbauerS15,
  author    = {Wolfgang Gatterbauer and
               Dan Suciu},
  title     = {Approximate Lifted Inference with Probabilistic Databases},
  journal   = {Proc. {VLDB} Endow.},
  volume    = {8},
  number    = {5},
  pages     = {629--640},
  year      = {2015},
  url       = {http://www.vldb.org/pvldb/vol8/p629-gatterbauer.pdf},
  doi       = {10.14778/2735479.2735494},
  timestamp = {Sat, 25 Apr 2020 13:58:55 +0200},
  biburl    = {https://dblp.org/rec/journals/pvldb/GatterbauerS15.bib},
  bibsource = {dblp computer science bibliography, https://dblp.org}
}
@article{DBLP:journals/debu/GribkoffSB14,
  author    = {Eric Gribkoff and
               Dan Suciu and
               Guy {Van den Broeck}},
  title     = {Lifted Probabilistic Inference: {A} Guide for the Database Researcher},
  journal   = {{IEEE} Data Eng. Bull.},
  volume    = {37},
  number    = {3},
  pages     = {6--17},
  year      = {2014},
  url       = {http://sites.computer.org/debull/A14sept/p6.pdf},
  timestamp = {Tue, 10 Mar 2020 16:23:50 +0100},
  biburl    = {https://dblp.org/rec/journals/debu/GribkoffSB14.bib},
  bibsource = {dblp computer science bibliography, https://dblp.org}
}
@inproceedings{DBLP:conf/uai/BroeckCD12,
  author    = {Guy {Van den Broeck} and
               Arthur Choi and
               Adnan Darwiche},
  editor    = {Nando {de Freitas} and
               Kevin P. Murphy},
  title     = {Lifted Relax, Compensate and then Recover: From Approximate to Exact
               Lifted Probabilistic Inference},
  booktitle = {Proceedings of the Twenty-Eighth Conference on Uncertainty in Artificial
               Intelligence, Catalina Island, CA, USA, August 14-18, 2012},
  pages     = {131--141},
  publisher = {{AUAI} Press},
  year      = {2012},
  timestamp = {Mon, 23 Nov 2020 08:36:49 +0100},
  biburl    = {https://dblp.org/rec/conf/uai/BroeckCD12.bib},
  bibsource = {dblp computer science bibliography, https://dblp.org}
}
@inproceedings{DBLP:conf/ijcai/BremenK20,
  author    = {Timothy {van Bremen} and
               Ondrej Ku\v{z}elka},
  editor    = {Christian Bessiere},
  title     = {Approximate Weighted First-Order Model Counting: {Exploiting} Fast Approximate
               Model Counters and Symmetry},
  booktitle = {Proceedings of the Twenty-Ninth International Joint Conference on
               Artificial Intelligence, {IJCAI} 2020},
  pages     = {4252--4258},
  publisher = {ijcai.org},
  year      = {2020},
  doi       = {10.24963/ijcai.2020/587},
  timestamp = {Mon, 20 Jul 2020 12:38:52 +0200},
  biburl    = {https://dblp.org/rec/conf/ijcai/BremenK20.bib},
  bibsource = {dblp computer science bibliography, https://dblp.org}
}
@article{DBLP:journals/ijar/RiguzziBZCL17,
  author    = {Fabrizio Riguzzi and
               Elena Bellodi and
               Riccardo Zese and
               Giuseppe Cota and
               Evelina Lamma},
  title     = {A survey of lifted inference approaches for probabilistic logic programming
               under the distribution semantics},
  journal   = {Int. J. Approx. Reason.},
  volume    = {80},
  pages     = {313--333},
  year      = {2017},
  doi       = {10.1016/j.ijar.2016.10.002},
  timestamp = {Tue, 16 Feb 2021 08:55:07 +0100},
  biburl    = {https://dblp.org/rec/journals/ijar/RiguzziBZCL17.bib},
  bibsource = {dblp computer science bibliography, https://dblp.org}
}
@inproceedings{jaeger2012liftability,
  title           = {Liftability of probabilistic inference: Upper and lower
                  bounds},
  author          = {Jaeger, Manfred and Van den Broeck, Guy},
  booktitle       = {Proceedings of the 2nd international workshop on
                  statistical relational AI},
  year            = {2012}
}
@inproceedings{DBLP:conf/aaai/BroeckD12,
  author    = {Guy {Van den Broeck} and
               Jesse Davis},
  editor    = {J{\"{o}}rg Hoffmann and
               Bart Selman},
  title     = {Conditioning in First-Order Knowledge Compilation and Lifted Probabilistic
               Inference},
  booktitle = {Proceedings of the Twenty-Sixth {AAAI} Conference on Artificial Intelligence,
               July 22-26, 2012, Toronto, Ontario, Canada},
  publisher = {{AAAI} Press},
  year      = {2012},
  url       = {http://www.aaai.org/ocs/index.php/AAAI/AAAI12/paper/view/5132},
  timestamp = {Thu, 18 Feb 2021 14:57:28 +0100},
  biburl    = {https://dblp.org/rec/conf/aaai/BroeckD12.bib},
  bibsource = {dblp computer science bibliography, https://dblp.org}
}
@inproceedings{DBLP:conf/ijcai/Broeck16,
  author    = {Guy {Van den Broeck}},
  editor    = {Subbarao Kambhampati},
  title     = {First-Order Model Counting in a Nutshell},
  booktitle = {Proceedings of the Twenty-Fifth International Joint Conference on
               Artificial Intelligence, {IJCAI} 2016, New York, NY, USA, 9-15 July
               2016},
  pages     = {4086--4089},
  publisher = {{IJCAI/AAAI} Press},
  year      = {2016},
  url       = {http://www.ijcai.org/Abstract/16/607},
  timestamp = {Tue, 20 Aug 2019 16:19:00 +0200},
  biburl    = {https://dblp.org/rec/conf/ijcai/Broeck16.bib},
  bibsource = {dblp computer science bibliography, https://dblp.org}
}
@article{DBLP:journals/jair/TotisDRK23,
  author    = {Pietro Totis and
               Jesse Davis and
               Luc {De Raedt} and
               Angelika Kimmig},
  title     = {Lifted Reasoning for Combinatorial Counting},
  journal   = {J. Artif. Intell. Res.},
  volume    = {76},
  pages     = {1--58},
  year      = {2023},
  doi       = {10.1613/jair.1.14062},
  timestamp = {Tue, 17 Jan 2023 16:47:15 +0100},
  biburl    = {https://dblp.org/rec/journals/jair/TotisDRK23.bib},
  bibsource = {dblp computer science bibliography, https://dblp.org}
}
@inproceedings{DBLP:conf/aaai/VenugopalSG15,
  author    = {Deepak Venugopal and
               Somdeb Sarkhel and
               Vibhav Gogate},
  editor    = {Blai Bonet and
               Sven Koenig},
  title     = {Just Count the Satisfied Groundings: Scalable Local-Search and Sampling
               Based Inference in {MLNs}},
  booktitle = {Proceedings of the Twenty-Ninth {AAAI} Conference on Artificial Intelligence,
               January 25-30, 2015, Austin, Texas, {USA}},
  pages     = {3606--3612},
  publisher = {{AAAI} Press},
  year      = {2015},
  url       = {http://www.aaai.org/ocs/index.php/AAAI/AAAI15/paper/view/10030},
  timestamp = {Wed, 10 Feb 2021 08:43:24 +0100},
  biburl    = {https://dblp.org/rec/conf/aaai/VenugopalSG15.bib},
  bibsource = {dblp computer science bibliography, https://dblp.org}
}
@article{DBLP:journals/pvldb/NiuRDS11,
  author    = {Feng Niu and
               Christopher R{\'{e}} and
               AnHai Doan and
               Jude W. Shavlik},
  title     = {Tuffy: Scaling up Statistical Inference in {Markov} Logic Networks using
               an {RDBMS}},
  journal   = {Proc. {VLDB} Endow.},
  volume    = {4},
  number    = {6},
  pages     = {373--384},
  year      = {2011},
  url       = {http://www.vldb.org/pvldb/vol4/p373-niu.pdf},
  doi       = {10.14778/1978665.1978669},
  timestamp = {Sat, 25 Apr 2020 13:59:40 +0200},
  biburl    = {https://dblp.org/rec/journals/pvldb/NiuRDS11.bib},
  bibsource = {dblp computer science bibliography, https://dblp.org}
}
@article{DBLP:journals/corr/abs-2211-01164,
  author    = {Jan T{\'{o}}th and
               Ondrej Ku\v{z}elka},
  title     = {Lifted Inference with Linear Order Axiom},
  journal   = {CoRR},
  volume    = {abs/2211.01164},
  year      = {2022},
  doi       = {10.48550/arXiv.2211.01164},
  eprinttype = {arXiv},
  eprint    = {2211.01164},
  timestamp = {Fri, 04 Nov 2022 13:48:49 +0100},
  biburl    = {https://dblp.org/rec/journals/corr/abs-2211-01164.bib},
  bibsource = {dblp computer science bibliography, https://dblp.org}
}
@inproceedings{DBLP:conf/kr/BroeckMD14,
  author    = {Guy {Van den Broeck} and
               Wannes Meert and
               Adnan Darwiche},
  editor    = {Chitta Baral and
               Giuseppe {De Giacomo} and
               Thomas Eiter},
  title     = {Skolemization for Weighted First-Order Model Counting},
  booktitle = {Principles of Knowledge Representation and Reasoning: Proceedings
               of the Fourteenth International Conference, {KR} 2014, Vienna, Austria,
               July 20-24, 2014},
  publisher = {{AAAI} Press},
  year      = {2014},
  url       = {http://www.aaai.org/ocs/index.php/KR/KR14/paper/view/8012},
  timestamp = {Tue, 09 Feb 2021 08:33:43 +0100},
  biburl    = {https://dblp.org/rec/conf/kr/BroeckMD14.bib},
  bibsource = {dblp computer science bibliography, https://dblp.org}
}
@inproceedings{DBLP:conf/cav/GoliaRM20,
  author    = {Priyanka Golia and
               Subhajit Roy and
               Kuldeep S. Meel},
  editor    = {Shuvendu K. Lahiri and
               Chao Wang},
  title     = {Manthan: {A} Data-Driven Approach for {Boolean} Function Synthesis},
  booktitle = {Computer Aided Verification - 32nd International Conference, {CAV}
               2020, Los Angeles, CA, USA, July 21-24, 2020, Proceedings, Part {II}},
  series    = {Lecture Notes in Computer Science},
  volume    = {12225},
  pages     = {611--633},
  publisher = {Springer},
  year      = {2020},
  doi       = {10.1007/978-3-030-53291-8\_31},
  timestamp = {Tue, 03 Jan 2023 15:21:32 +0100},
  biburl    = {https://dblp.org/rec/conf/cav/GoliaRM20.bib},
  bibsource = {dblp computer science bibliography, https://dblp.org}
}
@article{sanathanan1963transfer,
  title={Transfer function synthesis as a ratio of two complex polynomials},
  author={Sanathanan, Cok and Koerner, Judith},
  journal={IEEE transactions on automatic control},
  volume={8},
  number={1},
  pages={56--58},
  year={1963},
  publisher={IEEE}
}
@inproceedings{DBLP:conf/pldi/KuncakMPS10,
  author    = {Viktor Kuncak and
               Mika{\"{e}}l Mayer and
               Ruzica Piskac and
               Philippe Suter},
  editor    = {Benjamin G. Zorn and
               Alexander Aiken},
  title     = {Complete functional synthesis},
  booktitle = {Proceedings of the 2010 {ACM} {SIGPLAN} Conference on Programming
               Language Design and Implementation, {PLDI} 2010, Toronto, Ontario,
               Canada, June 5-10, 2010},
  pages     = {316--329},
  publisher = {{ACM}},
  year      = {2010},
  doi       = {10.1145/1806596.1806632},
  timestamp = {Tue, 22 Jun 2021 17:10:56 +0200},
  biburl    = {https://dblp.org/rec/conf/pldi/KuncakMPS10.bib},
  bibsource = {dblp computer science bibliography, https://dblp.org}
}
