@inproceedings{DBLP:conf/ijcai/BroeckTMDR11,
  author    = {Guy {Van den Broeck} and
               Nima Taghipour and
               Wannes Meert and
               Jesse Davis and
               Luc {De Raedt}},
  editor    = {Toby Walsh},
  title     = {Lifted Probabilistic Inference by First-Order Knowledge Compilation},
  booktitle = {{IJCAI} 2011, Proceedings of the 22nd International Joint Conference
               on Artificial Intelligence, Barcelona, Catalonia, Spain, July 16-22,
               2011},
  pages     = {2178--2185},
  publisher = {{IJCAI/AAAI}},
  year      = {2011},
  doi       = {10.5591/978-1-57735-516-8/IJCAI11-363},
  timestamp = {Sun, 25 Oct 2020 23:13:55 +0100},
  biburl    = {https://dblp.org/rec/conf/ijcai/BroeckTMDR11.bib},
  bibsource = {dblp computer science bibliography, https://dblp.org}
}
@article{DBLP:journals/cacm/GogateD16,
  author    = {Vibhav Gogate and
               Pedro M. Domingos},
  title     = {Probabilistic theorem proving},
  journal   = {Commun. {ACM}},
  volume    = {59},
  number    = {7},
  pages     = {107--115},
  year      = {2016},
  doi       = {10.1145/2936726},
  timestamp = {Tue, 06 Nov 2018 12:51:41 +0100},
  biburl    = {https://dblp.org/rec/journals/cacm/GogateD16.bib},
  bibsource = {dblp computer science bibliography, https://dblp.org}
}
@inproceedings{DBLP:conf/kr/KazemiP16,
  author    = {Seyed Mehran Kazemi and
               David Poole},
  editor    = {Chitta Baral and
               James P. Delgrande and
               Frank Wolter},
  title     = {Knowledge Compilation for Lifted Probabilistic Inference: Compiling
               to a Low-Level Language},
  booktitle = {Principles of Knowledge Representation and Reasoning: Proceedings
               of the Fifteenth International Conference, {KR} 2016, Cape Town, South
               Africa, April 25-29, 2016},
  pages     = {561--564},
  publisher = {{AAAI} Press},
  year      = {2016},
  url       = {http://www.aaai.org/ocs/index.php/KR/KR16/paper/view/12861},
  timestamp = {Tue, 09 Feb 2021 08:33:50 +0100},
  biburl    = {https://dblp.org/rec/conf/kr/KazemiP16.bib},
  bibsource = {dblp computer science bibliography, https://dblp.org}
}
@inproceedings{DBLP:conf/kr/BremenK21,
  author    = {Timothy {van Bremen} and
               Ondrej Kuzelka},
  editor    = {Meghyn Bienvenu and
               Gerhard Lakemeyer and
               Esra Erdem},
  title     = {Lifted Inference with Tree Axioms},
  booktitle = {Proceedings of the 18th International Conference on Principles of
               Knowledge Representation and Reasoning, {KR} 2021, Online event, November
               3-12, 2021},
  pages     = {599--608},
  year      = {2021},
  doi       = {10.24963/kr.2021/57},
  timestamp = {Wed, 03 Nov 2021 12:47:32 +0100},
  biburl    = {https://dblp.org/rec/conf/kr/BremenK21.bib},
  bibsource = {dblp computer science bibliography, https://dblp.org}
}
@inproceedings{DBLP:conf/uai/BremenK21,
  author    = {Timothy {van Bremen} and
               Ondrej Kuzelka},
  editor    = {Cassio P. {de Campos} and
               Marloes H. Maathuis and
               Erik Quaeghebeur},
  title     = {Faster lifting for two-variable logic using cell graphs},
  booktitle = {Proceedings of the Thirty-Seventh Conference on Uncertainty in Artificial
               Intelligence, {UAI} 2021, Virtual Event, 27-30 July 2021},
  series    = {Proceedings of Machine Learning Research},
  volume    = {161},
  pages     = {1393--1402},
  publisher = {{AUAI} Press},
  year      = {2021},
  url       = {https://proceedings.mlr.press/v161/bremen21a.html},
  timestamp = {Fri, 17 Dec 2021 17:06:27 +0100},
  biburl    = {https://dblp.org/rec/conf/uai/BremenK21.bib},
  bibsource = {dblp computer science bibliography, https://dblp.org}
}
@inproceedings{DBLP:conf/nips/KazemiKBP16,
  author    = {Seyed Mehran Kazemi and
               Angelika Kimmig and
               Guy {Van den Broeck} and
               David Poole},
  editor    = {Daniel D. Lee and
               Masashi Sugiyama and
               Ulrike {von Luxburg} and
               Isabelle Guyon and
               Roman Garnett},
  title     = {New Liftable Classes for First-Order Probabilistic Inference},
  booktitle = {Advances in Neural Information Processing Systems 29: Annual Conference
               on Neural Information Processing Systems 2016, December 5-10, 2016,
               Barcelona, Spain},
  pages     = {3117--3125},
  year      = {2016},
  timestamp = {Thu, 21 Jan 2021 15:15:22 +0100},
  biburl    = {https://dblp.org/rec/conf/nips/KazemiKBP16.bib},
  bibsource = {dblp computer science bibliography, https://dblp.org}
}
@inproceedings{DBLP:conf/lics/KuusistoL18,
  author    = {Antti Kuusisto and
               Carsten Lutz},
  editor    = {Anuj Dawar and
               Erich Gr{\"{a}}del},
  title     = {Weighted model counting beyond two-variable logic},
  booktitle = {Proceedings of the 33rd Annual {ACM/IEEE} Symposium on Logic in Computer
               Science, {LICS} 2018, Oxford, UK, July 09-12, 2018},
  pages     = {619--628},
  publisher = {{ACM}},
  year      = {2018},
  doi       = {10.1145/3209108.3209168},
  timestamp = {Sat, 19 Oct 2019 20:00:56 +0200},
  biburl    = {https://dblp.org/rec/conf/lics/KuusistoL18.bib},
  bibsource = {dblp computer science bibliography, https://dblp.org}
}
@article{DBLP:journals/jair/Kuzelka21,
  author    = {Ondrej Kuzelka},
  title     = {Weighted First-Order Model Counting in the Two-Variable Fragment With
               Counting Quantifiers},
  journal   = {J. Artif. Intell. Res.},
  volume    = {70},
  pages     = {1281--1307},
  year      = {2021},
  doi       = {10.1613/jair.1.12320},
  timestamp = {Sat, 09 Apr 2022 12:33:10 +0200},
  biburl    = {https://dblp.org/rec/journals/jair/Kuzelka21.bib},
  bibsource = {dblp computer science bibliography, https://dblp.org}
}
@article{DBLP:journals/corr/abs-2110-05992,
  author    = {Sagar Malhotra and
               Luciano Serafini},
  title     = {Weighted Model Counting in {FO2} with Cardinality Constraints and
               Counting Quantifiers: {A} Closed Form Formula},
  journal   = {CoRR},
  volume    = {abs/2110.05992},
  year      = {2021},
  url       = {https://arxiv.org/abs/2110.05992},
  eprinttype = {arXiv},
  eprint    = {2110.05992},
  timestamp = {Fri, 22 Oct 2021 13:33:09 +0200},
  biburl    = {https://dblp.org/rec/journals/corr/abs-2110-05992.bib},
  bibsource = {dblp computer science bibliography, https://dblp.org}
}
@inproceedings{DBLP:conf/ilp/BarvinekB0ZK21,
  author    = {J{\'{a}}chym Barv{\'{\i}}nek and
               Timothy van Bremen and
               Yuyi Wang and
               Filip Zelezn{\'{y}} and
               Ondrej Kuzelka},
  editor    = {Nikos Katzouris and
               Alexander Artikis},
  title     = {Automatic Conjecturing of {P}-Recursions Using Lifted Inference},
  booktitle = {Inductive Logic Programming - 30th International Conference, {ILP}
               2021, Virtual Event, October 25-27, 2021, Proceedings},
  series    = {Lecture Notes in Computer Science},
  volume    = {13191},
  pages     = {17--25},
  publisher = {Springer},
  year      = {2021},
  doi       = {10.1007/978-3-030-97454-1\_2},
  timestamp = {Sat, 09 Apr 2022 12:45:22 +0200},
  biburl    = {https://dblp.org/rec/conf/ilp/BarvinekB0ZK21.bib},
  bibsource = {dblp computer science bibliography, https://dblp.org}
}
@inproceedings{DBLP:conf/nips/Broeck11,
  author    = {Guy {Van den Broeck}},
  editor    = {John Shawe{-}Taylor and
               Richard S. Zemel and
               Peter L. Bartlett and
               Fernando C. N. Pereira and
               Kilian Q. Weinberger},
  title     = {On the Completeness of First-Order Knowledge Compilation for Lifted
               Probabilistic Inference},
  booktitle = {Advances in Neural Information Processing Systems 24: 25th Annual
               Conference on Neural Information Processing Systems 2011. Proceedings
               of a meeting held 12-14 December 2011, Granada, Spain},
  pages     = {1386--1394},
  year      = {2011},
  timestamp = {Thu, 21 Jan 2021 15:15:24 +0100},
  biburl    = {https://dblp.org/rec/conf/nips/Broeck11.bib},
  bibsource = {dblp computer science bibliography, https://dblp.org}
}