@article{DBLP:journals/tcs/Valiant79,
  author    = {Leslie G. Valiant},
  title     = {The Complexity of Computing the Permanent},
  journal   = {Theor. Comput. Sci.},
  volume    = {8},
  pages     = {189--201},
  year      = {1979}
}
@article{DBLP:journals/ai/ChaviraD08,
  author    = {Mark Chavira and
               Adnan Darwiche},
  title     = {On probabilistic inference by weighted model counting},
  journal   = {Artif. Intell.},
  volume    = {172},
  number    = {6-7},
  pages     = {772--799},
  year      = {2008}
}
@inproceedings{DBLP:conf/ijcai/BroeckTMDR11,
  author    = {Guy {Van den Broeck} and
               Nima Taghipour and
               Wannes Meert and
               Jesse Davis and
               Luc {De Raedt}},
  title     = {Lifted Probabilistic Inference by First-Order Knowledge Compilation},
  booktitle = {{IJCAI}},
  pages     = {2178--2185},
  publisher = {{IJCAI/AAAI}},
  year      = {2011}
}
@inproceedings{DBLP:conf/ijcai/BellePB15,
  author    = {Vaishak Belle and
               Andrea Passerini and
               Guy {Van den Broeck}},
  title     = {Probabilistic Inference in Hybrid Domains by Weighted Model Integration},
  booktitle = {{IJCAI}},
  pages     = {2770--2776},
  publisher = {{AAAI} Press},
  year      = {2015}
}
@inproceedings{DBLP:conf/uai/FeldsteinB21,
  author    = {Jonathan Feldstein and
               Vaishak Belle},
  title     = {Lifted reasoning meets weighted model integration},
  booktitle = {{UAI}},
  series    = {Proceedings of Machine Learning Research},
  volume    = {161},
  pages     = {322--332},
  publisher = {{AUAI} Press},
  year      = {2021}
}
@article{DBLP:journals/japll/KimmigBR17,
  author    = {Angelika Kimmig and
               Guy {Van den Broeck} and
               Luc {De Raedt}},
  title     = {Algebraic model counting},
  journal   = {J. Appl. Log.},
  volume    = {22},
  pages     = {46--62},
  year      = {2017}
}
@inproceedings{DBLP:conf/sat/DilkasB21,
  author    = {Paulius D. and
               Vaishak Belle},
  title     = {Weighted Model Counting Without Parameter Variables},
  booktitle = {{SAT}},
  series    = {Lecture Notes in Computer Science},
  volume    = {12831},
  pages     = {134--151},
  publisher = {Springer},
  year      = {2021}
}
@article{DBLP:journals/ijar/BelleR20,
  author    = {Vaishak Belle and
               Luc {De Raedt}},
  title     = {Semiring programming: {A} semantic framework for generalized sum product
               problems},
  journal   = {Int. J. Approx. Reason.},
  volume    = {126},
  pages     = {181--201},
  year      = {2020}
}
