@article{DBLP:journals/tcs/Valiant79,
  author    = {Leslie G. Valiant},
  title     = {The Complexity of Computing the Permanent},
  journal   = {Theor. Comput. Sci.},
  volume    = {8},
  pages     = {189--201},
  year      = {1979}
}
@article{DBLP:journals/ai/ChaviraD08,
  author    = {Mark Chavira and
               Adnan Darwiche},
  title     = {On probabilistic inference by weighted model counting},
  journal   = {Artif. Intell.},
  volume    = {172},
  number    = {6-7},
  pages     = {772--799},
  year      = {2008}
}
@inproceedings{DBLP:conf/ijcai/BroeckTMDR11,
  author    = {Guy {Van den Broeck} and
               Nima Taghipour and
               Wannes Meert and
               Jesse Davis and
               Luc {De Raedt}},
  title     = {Lifted Probabilistic Inference by First-Order Knowledge Compilation},
  booktitle = {{IJCAI}},
  pages     = {2178--2185},
  publisher = {{IJCAI/AAAI}},
  year      = {2011}
}
@inproceedings{DBLP:conf/ijcai/BellePB15,
  author    = {Vaishak Belle and
               Andrea Passerini and
               Guy {Van den Broeck}},
  title     = {Probabilistic Inference in Hybrid Domains by Weighted Model Integration},
  booktitle = {{IJCAI}},
  pages     = {2770--2776},
  publisher = {{AAAI} Press},
  year      = {2015}
}
@inproceedings{DBLP:conf/uai/FeldsteinB21,
  author    = {Jonathan Feldstein and
               Vaishak Belle},
  title     = {Lifted reasoning meets weighted model integration},
  booktitle = {{UAI}},
  series    = {Proceedings of Machine Learning Research},
  volume    = {161},
  pages     = {322--332},
  publisher = {{AUAI} Press},
  year      = {2021}
}
@article{DBLP:journals/japll/KimmigBR17,
  author    = {Angelika Kimmig and
               Guy {Van den Broeck} and
               Luc {De Raedt}},
  title     = {Algebraic model counting},
  journal   = {J. Appl. Log.},
  volume    = {22},
  pages     = {46--62},
  year      = {2017}
}
@inproceedings{DBLP:conf/sat/DilkasB21,
  author    = {Paulius D. and
               Vaishak Belle},
  title     = {Weighted Model Counting Without Parameter Variables},
  booktitle = {{SAT}},
  series    = {Lecture Notes in Computer Science},
  volume    = {12831},
  pages     = {134--151},
  publisher = {Springer},
  year      = {2021}
}
@article{DBLP:journals/ijar/BelleR20,
  author    = {Vaishak Belle and
               Luc {De Raedt}},
  title     = {Semiring programming: {A} semantic framework for generalized sum product
               problems},
  journal   = {Int. J. Approx. Reason.},
  volume    = {126},
  pages     = {181--201},
  year      = {2020}
}
@article{DBLP:journals/jancl/Darwiche01,
  author    = {Adnan Darwiche},
  title     = {On the Tractable Counting of Theory Models and its Application to
               Truth Maintenance and Belief Revision},
  journal   = {J. Appl. Non Class. Logics},
  volume    = {11},
  number    = {1-2},
  pages     = {11--34},
  year      = {2001}
}
@article{DBLP:journals/cacm/GogateD16,
  author    = {Vibhav Gogate and
               Pedro M. Domingos},
  title     = {Probabilistic theorem proving},
  journal   = {Commun. {ACM}},
  volume    = {59},
  number    = {7},
  pages     = {107--115},
  year      = {2016}
}
@inproceedings{DBLP:conf/uai/BremenK21,
  author    = {Timothy {van Bremen} and
               Ondrej Ku\v{z}elka},
  title     = {Faster lifting for two-variable logic using cell graphs},
  booktitle = {{UAI}},
  series    = {Proceedings of Machine Learning Research},
  volume    = {161},
  pages     = {1393--1402},
  publisher = {{AUAI} Press},
  year      = {2021}
}
@inproceedings{DBLP:conf/kr/KazemiP16,
  author    = {Seyed Mehran Kazemi and
               David Poole},
  title     = {Knowledge Compilation for Lifted Probabilistic Inference: {Compiling}
               to a Low-Level Language},
  booktitle = {{KR}},
  pages     = {561--564},
  publisher = {{AAAI} Press},
  year      = {2016}
}
