@inproceedings{DBLP:conf/nips/KazemiKBP16,
  author    = {S. M. Kazemi and
               A. Kimmig and
               G. Van den Broeck and
               D. Poole},
  title     = {New Liftable Classes for First-Order Probabilistic Inference},
  booktitle = {{NIPS}},
  year      = {2016}
}
@inproceedings{DBLP:conf/ijcai/BroeckTMDR11,
  author    = {G. Van den Broeck and
               N. Taghipour and
               W. Meert and
               J. Davis and
               L. De Raedt},
  title     = {Lifted Probabilistic Inference by First-Order Knowledge Compilation},
  booktitle = {{IJCAI}},
  year      = {2011}
}
@inproceedings{DBLP:conf/kr/KazemiP16,
  author    = {S. M. Kazemi and
               David Poole},
  title     = {Knowledge Compilation for Lifted Probabilistic Inference: Compiling
               to a Low-Level Language},
  booktitle = {{KR}},
  year      = {2016}
}
@inproceedings{DBLP:conf/aaai/DomingosKPRS06,
  author    = {P. M. Domingos and
               S. Kok and
               H. Poon and
               M. Richardson and
               P. Singla},
  title     = {Unifying Logical and Statistical {AI}},
  booktitle = {{AAAI}},
  year      = {2006}
}
@article{stanley2011enumerative,
  title={Enumerative Combinatorics Volume 1 second edition},
  author={Stanley, R. P.},
  journal={Cambridge studies in advanced mathematics},
  year={2011}
}