@inproceedings{DBLP:conf/ijcai/BroeckTMDR11,
  author    = {Guy {Van den Broeck} and
               Nima Taghipour and
               Wannes Meert and
               Jesse Davis and
               Luc {De Raedt}},
  editor    = {Toby Walsh},
  title     = {Lifted Probabilistic Inference by First-Order Knowledge Compilation},
  booktitle = {{IJCAI} 2011, Proceedings of the 22nd International Joint Conference
               on Artificial Intelligence, Barcelona, Catalonia, Spain, July 16-22,
               2011},
  pages     = {2178--2185},
  publisher = {{IJCAI/AAAI}},
  year      = {2011},
  doi       = {10.5591/978-1-57735-516-8/IJCAI11-363},
  timestamp = {Sun, 25 Oct 2020 23:13:55 +0100},
  biburl    = {https://dblp.org/rec/conf/ijcai/BroeckTMDR11.bib},
  bibsource = {dblp computer science bibliography, https://dblp.org}
}
@inproceedings{DBLP:conf/nips/Broeck11,
  author    = {Guy {Van den Broeck}},
  editor    = {John Shawe{-}Taylor and
               Richard S. Zemel and
               Peter L. Bartlett and
               Fernando C. N. Pereira and
               Kilian Q. Weinberger},
  title     = {On the Completeness of First-Order Knowledge Compilation for Lifted
               Probabilistic Inference},
  booktitle = {Advances in Neural Information Processing Systems 24: 25th Annual
               Conference on Neural Information Processing Systems 2011. Proceedings
               of a meeting held 12-14 December 2011, Granada, Spain},
  pages     = {1386--1394},
  year      = {2011},
  url       = {https://proceedings.neurips.cc/paper/2011/hash/846c260d715e5b854ffad5f70a516c88-Abstract.html},
  timestamp = {Thu, 21 Jan 2021 15:15:24 +0100},
  biburl    = {https://dblp.org/rec/conf/nips/Broeck11.bib},
  bibsource = {dblp computer science bibliography, https://dblp.org}
}